
@COMMENT{Rado Ivanov - prop_spec.bib -8/20/2014} 
@COMMENT{BibTex for CIS400/401 Project Proposal Specification}
@COMMENT{Note that in practice these citation blocks are found online. You should not be manually entering paper and journal names unless you really cannot find the citation. Usually if you google "[paper name] bibtex" something will come up.}

@COMMENT{This source is a white paper, no bibtex available online}
@improceedings{
	title = {Network Functions Virtualisation An Introduction, Benefits, Enablers, Challenges & Call for Action},
	author = {Margaret Chiosi, Don Clarke, Peter Willis, Andy Reid, James Feger, Michael Bugenhagen, Waqar Khan, Michael Fargano, Dr. Chunfeng Cui, Dr. Hui Deng, Javier Benitez, Uwe Michel, Herbert Damker, Kenichi Ogaki, Tetsuro Matsuzaki, Masaki Fukui, Katsuhiro Shimano, Dominique Delisle, Quentin Loudier, Christos Kolias, Ivano Guardini, Elena Demaria, Roberto Minerva, Antonio Manzalini, Diego López, Francisco Javier Ramón Salguero, Frank Ruhl, Prodip Sen},
	url = {http://portal.etsi.org/nfv/nfv_white_paper.pdf},
	year = {2012},
	location = {Darmstadt, Germany}
}

@inproceedings{Sherry:2012:MMS:2342356.2342359,
 author = {Sherry, Justine and Hasan, Shaddi and Scott, Colin and Krishnamurthy, Arvind and Ratnasamy, Sylvia and Sekar, Vyas},
 title = {Making Middleboxes Someone else's Problem: Network Processing As a Cloud Service},
 booktitle = {Proceedings of the ACM SIGCOMM 2012 Conference on Applications, Technologies, Architectures, and Protocols for Computer Communication},
 series = {SIGCOMM '12},
 year = {2012},
 isbn = {978-1-4503-1419-0},
 location = {Helsinki, Finland},
 pages = {13--24},
 numpages = {12},
 url = {http://doi.acm.org/10.1145/2342356.2342359},
 doi = {10.1145/2342356.2342359},
 acmid = {2342359},
 publisher = {ACM},
 address = {New York, NY, USA},
 keywords = {cloud, middlebox, outsourcing},
}

@inproceedings {179771,
	author = {Joao Martins and Mohamed Ahmed and Costin Raiciu and Vladimir Olteanu and Michio Honda and Roberto Bifulco and Felipe Huici},
	title = {ClickOS and the Art of Network Function Virtualization},
	booktitle = {11th USENIX Symposium on Networked Systems Design and Implementation (NSDI 14)},
	year = {2014},
	isbn = {978-1-931971-09-6},
	address = {Seattle, WA},
	pages = {459--473},
	url = {https://www.usenix.org/conference/nsdi14/technical-sessions/presentation/martins},
	publisher = {USENIX Association},
}

@inproceedings{Sekar:2012:DIC:2228298.2228331,
 author = {Sekar, Vyas and Egi, Norbert and Ratnasamy, Sylvia and Reiter, Michael K. and Shi, Guangyu},
 title = {Design and Implementation of a Consolidated Middlebox Architecture},
 booktitle = {Proceedings of the 9th USENIX Conference on Networked Systems Design and Implementation},
 series = {NSDI'12},
 year = {2012},
 location = {San Jose, CA},
 pages = {24--24},
 numpages = {1},
 url = {http://dl.acm.org/citation.cfm?id=2228298.2228331},
 acmid = {2228331},
 publisher = {USENIX Association},
 address = {Berkeley, CA, USA},
} 

@inproceedings{DBLP:conf/fsttcs/BampisKLLS13,
  author    = {Evripidis Bampis and
               Alexander Kononov and
               Dimitrios Letsios and
               Giorgio Lucarelli and
               Maxim Sviridenko},
  title     = {Energy Efficient Scheduling and Routing via Randomized Rounding},
  booktitle = {{IARCS} Annual Conference on Foundations of Software Technology and
               Theoretical Computer Science, {FSTTCS} 2013, December 12-14, 2013,
               Guwahati, India},
  year      = {2013},
  pages     = {449--460},
  crossref  = {DBLP:conf/fsttcs/2013},
  url       = {http://dx.doi.org/10.4230/LIPIcs.FSTTCS.2013.449},
  doi       = {10.4230/LIPIcs.FSTTCS.2013.449},
  timestamp = {Thu, 02 Oct 2014 02:40:31 +0200},
  biburl    = {http://dblp.uni-trier.de/rec/bib/conf/fsttcs/BampisKLLS13},
  bibsource = {dblp computer science bibliography, http://dblp.org}
}


@COMMENT{Formatting URL's in bibliographies is no convenient task. We're trying to work out a better solution -- but for now we just examine the output and manually insert spaces where they are most appropriate (as below).}
	
@MISC{latex_wikibook,
	author = "Wikibooks",
	title = "La{T}e{X}",
	howpublished = {\texttt{http://en.wikibooks.org/wiki/ LaTeX}},
	note = "Note: Students should not cite Wikis!"
}

@MISC{ctan_pdf,
	author = "The Comprehensive TeX Archive Network (CTAN)",
	title = "A (Not So) Short Introduction to {LaTeX2e}",
	howpublished = {\texttt{http://www. ctan.org/tex-archive/info/lshort/english/}},
}
